@unpublished{bib-principles-larsson,
  title     = {{P}rinciples of {Y}acht {D}esign},
  author    = {{L}arsson, {L}ars and {E}liasson, {R}olf},
  file      = {FULLTEXT:pdfs/000/000/000000052.pdf:PDF}
}

@unpublished{bib-TI-sboa092b,
  title     = {{H}andbook of {O}perational {A}mplifier {A}pplications},
  author    = {{{T}exas {I}nstruments}},
  file      = {FULLTEXT:pdfs/000/000/000000051.pdf:PDF}
}

@unpublished{bib-Fossen-GuidanceandControl,
  title     = {{G}uidance and {C}ontrol of {O}cean {V}ehicles},
  author    = {{F}ossen, {T}hor},
  file      = {FULLTEXT:pdfs/000/000/000000050.pdf:PDF}
}

@unpublished{bib-dtmb-Olivieri,
  title     = {{T}owing tank experiments of resistance, sinkage and trim, boundary layer,
               wake, and free surface flow around a naval combatant {INSEAN} 2340 model},
  author    = {{O}livieri, {A} and {P}istani, {F} and {A}vanzini, {A} and {S}tern, {F} and
               {P}enna, {R}},
  file      = {FULLTEXT:pdfs/000/000/000000049.pdf:PDF}
}

@unpublished{bib-Muggiasca-HeelOnSails,
  title     = {{I}nfluence of heel on yacht sailplan performance},
  author    = {{F}ossati, {F}abio and {M}uggiasca, {S}ara},
  file      = {FULLTEXT:pdfs/000/000/000000048.pdf:PDF}
}

@unpublished{bib-Oossanen-1975-B-Series,
  title     = {{F}urther {C}omputer-{A}nalyzed {D}ata of the {W}ageningen {B}-{S}crew
               {S}eries},
  author    = {{V}an {O}ossanen, {P}eter and {O}osterveld, {M}},
  file      = {FULLTEXT:pdfs/000/000/000000047.pdf:PDF}
}

@unpublished{bib-Bernitsas-1981-KtKq,
  title     = {{K}t, {K}q and {E}fficiency {C}urves for the {W}ageningen {B}-{S}eries
               {P}ropellers},
  author    = {{B}ernitsas, {M} and {R}ay, {D} and {K}inely, {P}},
  file      = {FULLTEXT:pdfs/000/000/000000046.pdf:PDF}
}

@unpublished{bib-OpAmpBias,
  title     = {{H}ow to {B}ias an {O}p-{A}mp},
  author    = {{{MIT}}},
  file      = {FULLTEXT:pdfs/000/000/000000045.pdf:PDF}
}

@unpublished{bib-arduinoBuck,
  title     = {{B}uck converter controlled by {A}rduino {U}no},
  author    = {{K}ovacevic, {H} and {S}tojanovic, {Z}},
  file      = {FULLTEXT:pdfs/000/000/000000044.pdf:PDF}
}

@unpublished{bib-plateStructures,
  title     = {{E}xample of the efficiency of stiffened plates in structures},
  author    = {{B}rocklehurst, {T}im},
  file      = {FULLTEXT:pdfs/000/000/000000043.pdf:PDF}
}

@unpublished{bib-IEEE802.3-2012,
  title     = {{IEEE}-802.3-2012+ {E}thernet {S}tandard},
  author    = {{{IEEE}}},
  file      = {FULLTEXT:pdfs/000/000/000000042.pdf:PDF}
}

@unpublished{bib-TIA569,
  title     = {{TIA}-569-{C} - {T}elecommunications {P}athways and {S}paces},
  author    = {{{TIA}}},
  file      = {FULLTEXT:pdfs/000/000/000000041.pdf:PDF}
}

@unpublished{bib-TIA586-C1,
  title     = {{TIA}-586-{C}.1 - {C}ommercial {B}uilding {T}elecommunications {C}abling
               {S}tandard},
  author    = {{{TIA}}},
  file      = {FULLTEXT:pdfs/000/000/000000040.pdf:PDF}
}

@unpublished{bib-TIA586-C0,
  title     = {{TIA}-586-{C}.0 - {G}eneric {T}elecommunications {C}abling for {C}ustomer
               {P}remises},
  author    = {{{TIA}}},
  file      = {FULLTEXT:pdfs/000/000/000000038.pdf:PDF}
}

@unpublished{bib-usb-highVib,
  title     = {{USB} to serial device management in high vibration environments},
  author    = {{B}rocklehurst, {T}im},
  file      = {FULLTEXT:pdfs/000/000/000000037.pdf:PDF}
}

@unpublished{bib-linuxGprs,
  title     = {{C}onfiguring an internet connection using {GPRS} in {L}inux},
  author    = {{B}rocklehurst, {T}im},
  file      = {FULLTEXT:pdfs/000/000/000000036.pdf:PDF}
}

@unpublished{bib-RRS-GMV,
  title     = {{R}udder roll stabilization with nonlinear {GMV} control},
  author    = {{M}ajecki, {P}awel and {K}atebi, {R}eza and {G}rimble, {M}ichael},
  file      = {FULLTEXT:pdfs/000/000/000000035.pdf:PDF}
}

@unpublished{bib-ShipMotionControl,
  title     = {{S}hip {M}otion {C}ontrol},
  author    = {{P}erez, {T}ristan},
  file      = {FULLTEXT:pdfs/000/000/000000034.pdf:PDF}
}

@unpublished{bib-RudderRoll,
  title     = {{R}udder {R}oll {S}tabilization for {S}hips},
  author    = {{V}an {A}merongen, {J} and {V}an {D}er {K}lugt, {P} and {V}an {N}auta
               {L}emke, {R}},
  file      = {FULLTEXT:pdfs/000/000/000000033.pdf:PDF}
}

@unpublished{bib-MAX712,
  title     = {{MAX}712-713 {B}attery chargers},
  author    = {{{M}axim {IC}}},
  file      = {FULLTEXT:pdfs/000/000/000000032.pdf:PDF}
}

@unpublished{bib-MAX7326,
  title     = {{I}2{C} {P}ort {E}xpander with 12 {P}ush-{P}ull {O}utputs and 4 {I}nputs},
  author    = {{{M}axim {IC}}},
  file      = {FULLTEXT:pdfs/000/000/000000031.pdf:PDF}
}

@unpublished{bib-MAX146,
  title     = {{M}ax146 3.3v {ADC} 8 {C}hannel 12 bit},
  author    = {{{M}axim {IC}}},
  file      = {FULLTEXT:pdfs/000/000/000000030.pdf:PDF}
}

@unpublished{bib-MAX359,
  title     = {{S}erially {C}ontrolled, {L}ow-{V}oltage, 8-{C}hannel {SPST} {S}witch},
  author    = {{{M}axim {IC}}},
  file      = {FULLTEXT:pdfs/000/000/000000029.pdf:PDF}
}

@unpublished{bib-INA220,
  title     = {{H}igh or {L}ow {S}ide, {B}i-{D}irectional {CURRENT}/{POWER} {MONITOR} with
               {T}wo-{W}ire {I}nterface},
  author    = {{{T}exas {I}nstruments}},
  file      = {FULLTEXT:pdfs/000/000/000000028.pdf:PDF}
}

@unpublished{bib-MAX11060,
  title     = {{MAXIM} 11060 - 4 {C}hannel 24-bit {ADC}},
  author    = {{{M}axim {IC}}},
  file      = {FULLTEXT:pdfs/000/000/000000027.pdf:PDF}
}

@unpublished{bib-L3G4200D,
  title     = {{L}3{G}4200{D} - {MEMS} motion sensor},
  author    = {{{ST} {M}icroelectronics}},
  file      = {FULLTEXT:pdfs/000/000/000000026.pdf:PDF}
}

@unpublished{bib-ADXL335,
  title     = {{ADXL}335 {S}mall, {L}ow {P}ower, 3-{A}xis ±3 g {A}ccelerometer ({R}ev. 0)
               {D}ata {S}heet},
  author    = {{{A}nalogue {D}evices}},
  file      = {FULLTEXT:pdfs/000/000/000000025.pdf:PDF}
}

@unpublished{bib-HMC5883L,
  title     = {{HMC}5883{L}-{TR}},
  author    = {{{H}oneywell}},
  keywords  = {{S}ensor, {M}agnet},
  file      = {FULLTEXT:pdfs/000/000/000000024.pdf:PDF}
}

@unpublished{bib-stamp-usermanual,
  title     = {{B}asic {S}tamp {U}ser {M}anual},
  author    = {{{P}arallax}},
  file      = {FULLTEXT:pdfs/000/000/000000023.pdf:PDF}
}

@unpublished{bib-TelitATCmds,
  title     = {{T}elit {AT} {C}ommands {R}eference {G}uide},
  author    = {{{T}elit}},
  file      = {FULLTEXT:pdfs/000/000/000000022.pdf:PDF}
}

@unpublished{bib-GM862FamilyHardware,
  title     = {{T}elit {GM}862 {F}amily {H}ardware {U}ser {G}uide},
  author    = {{{T}elit}},
  file      = {FULLTEXT:pdfs/000/000/000000021.pdf:PDF}
}

@unpublished{bib-standardparallelport,
  title     = {{I}nterfacing the {S}tandard {P}arallel {P}ort},
  file      = {FULLTEXT:pdfs/000/000/000000020.pdf:PDF}
}

@unpublished{bib-opamp,
  title     = {{O}p-{A}mp {C}ircuit {C}ollection},
  file      = {FULLTEXT:pdfs/000/000/000000019.pdf:PDF}
}

@unpublished{bib-LS2003,
  title     = {{L}oco{S}ys {GPS} - {LS}2003* {S}eries},
  file      = {FULLTEXT:pdfs/000/000/000000018.pdf:PDF}
}

@unpublished{bib-enhancedparallelport,
  title     = {{I}nterfacing the {E}nhanced parallel port},
  file      = {FULLTEXT:pdfs/000/000/000000017.pdf:PDF}
}

@unpublished{bib-stamp-apps,
  title     = {{B}asic {S}tamp {A}pplication {N}otes},
  file      = {FULLTEXT:pdfs/000/000/000000016.pdf:PDF}
}

@unpublished{bib-stamp2-cmds,
  title     = {{B}asic {S}tamp 2 - {C}ommands, {F}eatures and {P}rojects},
  file      = {FULLTEXT:pdfs/000/000/000000015.pdf:PDF}
}

@unpublished{bib-bbcmicro,
  title     = {{BBC} {M}icro {U}ser {G}uide},
  file      = {FULLTEXT:pdfs/000/000/000000014.pdf:PDF}
}

@unpublished{bib-HLC1395,
  title     = {{HLC}1395 {R}eflective {S}ensor},
  author    = {{{H}oneywell}},
  file      = {FULLTEXT:pdfs/000/000/000000013.pdf:PDF}
}

@unpublished{bib-SWUM-plg,
  title     = {{P}lug ({SWUM}) {IP}67/68},
  file      = {FULLTEXT:pdfs/000/000/000000012.pdf:PDF}
}

@unpublished{bib-SWUM-skt,
  title     = {{SWUM} {IP}67/8 {S}ocket},
  file      = {FULLTEXT:pdfs/000/000/000000011.pdf:PDF}
}

@unpublished{bib-TS7550-base,
  title     = {{TS} 7550 {B}aseboard {S}chematic},
  author    = {{{T}echnologic {S}ystems}},
  file      = {FULLTEXT:pdfs/000/000/000000010.pdf:PDF}
}

@unpublished{bib-DS1270,
  title     = {{DS}1270 {N}on-volatile {SRAM}},
  file      = {FULLTEXT:pdfs/000/000/000000009.pdf:PDF}
}

@unpublished{bib-DS1868,
  title     = {{DS}1868 {D}ual digital potentiometer},
  author    = {{{D}allas {S}emiconductor}},
  file      = {FULLTEXT:pdfs/000/000/000000008.pdf:PDF}
}

@unpublished{bib-DS1844,
  title     = {{DS}1844 {Q}uad {D}igital {P}otentiometer},
  author    = {{{D}allas {S}emiconductor}},
  file      = {FULLTEXT:pdfs/000/000/000000007.pdf:PDF}
}

@unpublished{bib-MAX1400,
  title     = {{MAX}1400 +5{V}, 18-{B}it, {L}ow-{P}ower, {M}ultichannel, {O}versampling
               ({S}igma-{D}elta) {ADC}},
  author    = {{{M}axim {IC}}},
  file      = {FULLTEXT:pdfs/000/000/000000006.pdf:PDF}
}

@unpublished{bib-MAX186,
  title     = {{MAX}186/{MAX}188 {L}ow-{P}ower, 8-{C}hannel, {S}erial 12-{B}it {ADC}s},
  author    = {{{M}axim {IC}}},
  file      = {FULLTEXT:pdfs/000/000/000000005.pdf:PDF}
}

@unpublished{bib-MAX110,
  title     = {{MAX}110/{MAX}111 - {L}ow-{C}ost, 2-{C}hannel, ±14-{B}it {S}erial {ADC}s},
  author    = {{{M}axim {IC}}},
  keywords  = {{ADC}, {C}alibration},
  file      = {FULLTEXT:pdfs/000/000/000000004.pdf:PDF}
}

@unpublished{bib-LM117,
  title     = {{LM}117/{LM}317{A}/{LM}317 3-{T}erminal {A}djustable {R}egulator},
  author    = {{{N}ational {S}emiconductor}},
  keywords  = {{P}ositive, {R}egulator, {A}djustable},
  file      = {FULLTEXT:pdfs/000/000/000000003.pdf:PDF}
}

@unpublished{bib-LM7900,
  title     = {{LM}7900 {S}eries {F}ixed {N}egative {V}oltage {R}egulators},
  author    = {{{ST} {M}icroelectronics}},
  keywords  = {{F}ixed, {R}egulator, {N}egative},
  file      = {FULLTEXT:pdfs/000/000/000000002.pdf:PDF}
}

@unpublished{bib-LM7800,
  title     = {{LM} 7800 {S}eries {F}ixed {P}ositive {V}oltage {R}egulators},
  author    = {{{ST} {M}icroelectronics}},
  pages     = {34},
  keywords  = {{F}ixed, {P}ositive, {R}egulator},
  file      = {FULLTEXT:pdfs/000/000/000000001.pdf:PDF}
}

